@article{sugar,
 author="Naoyuki Tamura and Akiko Taga and Satoshi Kitagawa and Mutsunori Banbara",
 title="Compiling Finite Linear CSP into SAT",
 journal="Constraints",
 volume=14,
 number=2,
 pages="254--272",
 year=2009
}

@inproceedings{cdcl,
 author = {Marques-Silva, Joao and Lynce, Ines and Malik, Sharad},
 title = {Conflict-Driven Clause Learning SAT Solvers},
 booktitle = {Handbook of Satisfiability},
 year = {2009},
 isbn = {978-1-58603-929-5},
 doi = {10.3233/978-1-58603-929-5-131},
 pages = {131--153},
 numpages = {23},
 publisher = {IOS Press},
 address = {Amsterdam, Netherlands},
}

@article{zebra,
 author="Rina Dechter",
 title="Enhancement Schemes for Constraint Processing: Backjumping, Learning, and Cutset Decomposition",
 journal="Artificial Intelligence",
 number=41,
 year=1990,
 pages="273--312"
}

@article{grim,
 author= {Brown, Nicholas and Heathers, James}
 title={The GRIM Test}
 journal={Social Psychological and Personality Science}
 year = 2016
 volume = 8
 number = 4
 }

@article{linearattack,
 author = {Kasiviswanathan, Shiva Prasad and Rudelson, Mark and Smith, Adam}
 title={The Power of Linear Reconstruction Attacks}
 journal={Computing Research Repository}
 year = 2012
 abs = 1210.2381

@misc{lpintro,
 author = "James Burke"
 institution = "University of Washington"
 howpublished = "University Lecture"
 year = 2016
 title = "Introduction to Linear Programming"
}

@misc{cooklevin
 author = {Kong, Shijin and Malec, David}
 institution = "University of Wisconsin"
 howpublished = "University Lecture"
 year = 2007
 title = "Cook-Levin Theorem"
}

@inproceedings{Dwork:2006:CNS:2180286.2180305,
 author = {Dwork, Cynthia and McSherry, Frank and Nissim, Kobbi and Smith, Adam},
 title = {Calibrating Noise to Sensitivity in Private Data Analysis},
 booktitle = {Proceedings of the Third Conference on Theory of Cryptography},
 series = {TCC'06},
 year = {2006},
 isbn = {3-540-32731-2, 978-3-540-32731-8},
 location = {New York, NY},
 pages = {265--284},
 numpages = {20},
 url = {http://dx.doi.org/10.1007/11681878\_14},
 doi = {10.1007/11681878_14},
 acmid = {2180305},
 publisher = {Springer-Verlag},
 address = {Berlin, Heidelberg},
} 
